<collection xmlns="http://www.loc.gov/MARC21/slim">
<record>
  <leader>01217nam0a22002651i 450 </leader>
  <controlfield tag="001">IT\ICCU\CNCE\079998</controlfield>
  <controlfield tag="005">20190109000000.0</controlfield>
  <datafield tag="012" ind1=" " ind2=" ">
    <subfield code="a">dede rara uaua unta (C) 1519 (A)</subfield>
    <subfield code="2">fei</subfield>
  </datafield>
  <datafield tag="100" ind1=" " ind2=" ">
    <subfield code="a">20181205d1519        0itac0103    ba</subfield>
  </datafield>
  <datafield tag="101" ind1=" " ind2=" ">
    <subfield code="a">ITA</subfield>
  </datafield>
  <datafield tag="102" ind1=" " ind2=" ">
    <subfield code="a">IT</subfield>
  </datafield>
  <datafield tag="200" ind1="1" ind2=" ">
    <subfield code="a">Morgante Maggiore</subfield>
  </datafield>
  <datafield tag="210" ind1=" " ind2=" ">
    <subfield code="e">Impresso nella inclita cipta di Siena</subfield>
    <subfield code="g">per Giouanni di Alexandro Libraio in sul campo o uero piaza di Siena</subfield>
    <subfield code="h">adi XV daprile 1519</subfield>
  </datafield>
  <datafield tag="215" ind1=" " ind2=" ">
    <subfield code="a">\196! c.</subfield>
    <subfield code="c">ill.</subfield>
    <subfield code="d">4ʻ</subfield>
  </datafield>
  <datafield tag="620" ind1=" " ind2=" ">
    <subfield code="a">IT</subfield>
    <subfield code="d">Siena</subfield>
  </datafield>
  <datafield tag="700" ind1=" " ind2="1">
    <subfield code="a">Pulci,</subfield>
    <subfield code="b">Luigi</subfield>
    <subfield code="3">IT\ICCU\CNCA\005191</subfield>
  </datafield>
  <datafield tag="712" ind1="0" ind2="0">
    <subfield code="a">Landi, Giovanni</subfield>
    <subfield code="3">IT\ICCU\CNCT\000325</subfield>
    <subfield code="4">650</subfield>
  </datafield>
  <datafield tag="791" ind1="0" ind2="2">
    <subfield code="a">Giovanni di Alexandro</subfield>
    <subfield code="3">IT\ICCU\CNCT\002718</subfield>
    <subfield code="z">Landi, Giovanni</subfield>
  </datafield>
  <datafield tag="791" ind1="0" ind2="2">
    <subfield code="a">G. di A. L.</subfield>
    <subfield code="3">IT\ICCU\CNCT\002892</subfield>
    <subfield code="z">Landi, Giovanni</subfield>
  </datafield>
  <datafield tag="791" ind1="0" ind2="2">
    <subfield code="a">Giovanni di A. L.</subfield>
    <subfield code="3">IT\ICCU\CNCT\002893</subfield>
    <subfield code="z">Landi, Giovanni</subfield>
  </datafield>
  <datafield tag="791" ind1="0" ind2="2">
    <subfield code="a">Ioannes Alexandri</subfield>
    <subfield code="3">IT\ICCU\CNCT\004896</subfield>
    <subfield code="z">Landi, Giovanni</subfield>
  </datafield>
  <datafield tag="801" ind1=" " ind2="3">
    <subfield code="a">IT</subfield>
    <subfield code="b">ICCU</subfield>
    <subfield code="c">20201115</subfield>
  </datafield>
  <datafield tag="899" ind1=" " ind2=" ">
    <subfield code="a">Biblioteca estera - Universitt̃sbibliothek Mannheim. Mannheim</subfield>
    <subfield code="1">AA0019</subfield>
  </datafield>
  <datafield tag="911" ind1=" " ind2=" ">
    <subfield code="a">in fine</subfield>
    <subfield code="9">IT\ICCU\CNCM\000916</subfield>
  </datafield>
  <datafield tag="921" ind1=" " ind2=" ">
    <subfield code="a">IT\ICCU\CNCM\000916</subfield>
    <subfield code="b">Carit ̉(donna con bambino in braccio, altri due ai lati e fiamme che si sprigionano dalla mano destra). Iniziali G.D.L.</subfield>
    <subfield code="c">Z208</subfield>
    <subfield code="f">CARITA&apos;</subfield>
    <subfield code="g">1519-1520</subfield>
  </datafield>
</record>
</collection>
